@misc{wiki_cgm,
  author = "{Wikipedia contributors}",
  title = "Conjugate gradient method --- {Wikipedia}{,} The Free Encyclopedia",
  year = "2023",
  url = "https://en.wikipedia.org/w/index.php?title=Conjugate_gradient_method&oldid=1141142755",
  note = "[Online; accessed 9-April-2023]"
}

@misc{wiki_csr,
  author = "{Wikipedia contributors}",
  title = "Sparse matrix --- {Wikipedia}{,} The Free Encyclopedia",
  year = "2023",
  url = "https://en.wikipedia.org/w/index.php?title=Sparse_matrix&oldid=1145545112",
  note = "[Online; accessed 10-April-2023]"
}
